@misc{Fonseca16,
  author  = "Rodrigo Fonseca and Jonathan Mace",
  title   = "{Towards a Tracing Plane for Distributed Systems}",
  booktitle = "Distributed Tracing Workshop",
  year    = "2016",
  month   = jul,
  note = "Slides: \url{https://goo.gl/q7XXmL}",
}

@misc{Mace17,
  author  = "Jonathan Mace and Rodrigo Fonseca",
  title   = "{A Layered Architecture for Distributed System Instrumentation}",
  year    = "2017",
  note = "(to appear)",
}

@inproceedings{Fonseca:2007:XPN:1973430.1973450,
   author = {Fonseca, Rodrigo and Porter, George and Katz, Randy H. and Shenker, Scott and Stoica, Ion},
   title = {X-trace: A Pervasive Network Tracing Framework},
   booktitle = {Proceedings of the 4th USENIX Conference on Networked Systems Design \&\#38; Implementation},
   series = {NSDI'07},
   year = {2007},
   location = {Cambridge, MA},
   pages = {20--20},
   numpages = {1},
   url = {http://dl.acm.org/citation.cfm?id=1973430.1973450},
   acmid = {1973450},
   publisher = {USENIX Association},
   address = {Berkeley, CA, USA},
}

@inproceedings{Mace:2015:PTD:2815400.2815415,
   author = {Mace, Jonathan and Roelke, Ryan and Fonseca, Rodrigo},
   title = {Pivot Tracing: Dynamic Causal Monitoring for Distributed Systems},
   booktitle = {Proceedings of the 25th Symposium on Operating Systems Principles},
   series = {SOSP '15},
   year = {2015},
   isbn = {978-1-4503-3834-9},
   location = {Monterey, California},
   pages = {378--393},
   numpages = {16},
   url = {http://doi.acm.org/10.1145/2815400.2815415},
   doi = {10.1145/2815400.2815415},
   acmid = {2815415},
   publisher = {ACM},
   address = {New York, NY, USA},
}

@techreport{mace2017survey,
  title={{End-to-End Tracing: Adoption and Use Cases}},
  author={Jonathan Mace},
  type={{Survey}},
  institution={Brown University},
  year={2017},
}

@inproceedings{Shapiro:2011:CRD:2050613.2050642,
   author = {Shapiro, Marc and Pregui\c{c}a, Nuno and Baquero, Carlos and Zawirski, Marek},
   title = "{Conflict-free Replicated Data Types}",
   booktitle = {Proceedings of the 13th International Conference on Stabilization, Safety, and Security of Distributed Systems},
   series = {SSS'11},
   year = {2011},
   isbn = {978-3-642-24549-7},
   location = {Grenoble, France},
   pages = {386--400},
   numpages = {15},
   url = {http://dl.acm.org/citation.cfm?id=2050613.2050642},
   acmid = {2050642},
   publisher = {Springer-Verlag},
   address = {Berlin, Heidelberg},
   keywords = {eventual consistency, large-scale distributed systems, replicated shared objects},
}

@techreport{shapiro:inria-00555588,
  TITLE = {{A comprehensive study of Convergent and Commutative Replicated Data Types}},
  AUTHOR = {Shapiro, Marc and Pregui{\c c}a, Nuno and Baquero, Carlos and Zawirski, Marek},
  URL = {https://hal.inria.fr/inria-00555588},
  TYPE = {Research Report},
  NUMBER = {RR-7506},
  PAGES = {50},
  INSTITUTION = {{Inria -- Centre Paris-Rocquencourt ; INRIA}},
  YEAR = {2011},
  MONTH = Jan,
  KEYWORDS = {eventual consistency ; optimistic replication ; replicated data types ; distributed algorithms ; distributed systems ; Data replication ; commutative operations},
  PDF = {https://hal.inria.fr/inria-00555588/file/techreport.pdf},
  HAL_ID = {inria-00555588},
  HAL_VERSION = {v1},
}

@misc{web:wsk,
   title = "{Apache OpenWhisk}",
   note = "Homepage: \url{http://openwhisk.org/}, Source: \url{https://github.com/apache/incubator-openwhisk}",
}

@misc{web:btf,
  title = "{Brown Tracing Framework}",
  note = "Homepage: \url{http://brownsys.github.io/tracing-framework/}, Source: \url{https://github.com/brownsys/tracing-framework}",
}

@misc{website:fermentas-lambda,
      author = "Fermentas Inc.",
      title = "Phage Lambda: description \& restriction map",
      month = "November",
      year = "2008",
      url = "http://www.fermentas.com/techinfo/nucleicacids/maplambda.htm"
}
